<?xml version="1.0" encoding="UTF-8"?><collection xmlns="http://www.loc.gov/MARC21/slim"><record><leader>00390nam--2200121-i-4500</leader><controlfield tag="001">000007310</controlfield><controlfield tag="002">20161230</controlfield><controlfield tag="005">20161230201027</controlfield><controlfield tag="008">060222s1000------------r-----000-0-eng-d</controlfield><datafield ind1=" " ind2=" " tag="100"><subfield code="a">Brewster, Ray Q., Vanderwerf, Calvin A. And Mc Ewen, William E</subfield></datafield><datafield ind1=" " ind2=" " tag="245"><subfield code="a">Unitized experiments in organic chemistry</subfield></datafield><datafield ind1=" " ind2=" " tag="260"><subfield code="a">Princeton, New Jersey, D.Van Nostrand Co., Inc., 1964 Xvi + 271 P</subfield></datafield><datafield ind1=" " ind2=" " tag="852"><subfield code="a">21881</subfield></datafield></record></collection>